@misc{puckette2015sampling,
  title={The Sampling Theorem and Its Discontents},
  author={Puckette, Miller},
  year={2015},
  howpublished={\url{http://msp.ucsd.edu/Publications/icmc15.pdf}},
  note = {keynote speech in ICMC 2015 }
}
